% Encoding: UTF-8

@Misc{Isotropie,
  author       = {Wikipedia},
  title        = {Isotropie},
  howpublished = {\url{https://de.wikipedia.org/wiki/Isotropie}},
  month        = may,
  year         = {2018},
  note         = {[Online Available: 23.05.2018]},
}

@Comment{jabref-meta: databaseType:bibtex;}
